@Article{vampiro,
  author   = {Polo Polo},
  title    = {El Vampiro Fronterizo.},
  journal  = {Nature},
  year     = {2014},
  volume   = {49},
  number   = {3},
  pages    = {622-634},
  month    = {March},
  issn     = {0018-9200},
  doi      = {10.1109/JSSC.2014.2302793},
  keywords = {asd},
}
